@book{ligges2008,
  title={Programmieren mit R},
  author={Ligges, Uwe},
  year={2008},
  publisher={Springer-Verlag}
}

@article{mcnamara2018,
  title={Wrangling categorical data in R},
  author={McNamara, Amelia and Horton, Nicholas J},
  journal={The American Statistician},
  volume={72},
  number={1},
  pages={97--104},
  year={2018},
  publisher={Taylor \& Francis}
}

@article{broman2018,
  title={Data organization in spreadsheets},
  author={Broman, Karl W and Woo, Kara H},
  journal={The American Statistician},
  volume={72},
  number={1},
  pages={2--10},
  year={2018},
  publisher={Taylor \& Francis}
}


@article{burt1943,
  title={Territoriality and home range concepts as applied to mammals},
  author={Burt, William Henry},
  journal={Journal of mammalogy},
  volume={24},
  number={3},
  pages={346--352},
  year={1943},
  publisher={JSTOR}
}

@article{kays2015,
  title={Terrestrial animal tracking as an eye on life and planet},
  author={Kays, Roland and Crofoot, Margaret C and Jetz, Walter and Wikelski, Martin},
  journal={Science},
  volume={348},
  number={6240},
  pages={aaa2478},
  year={2015},
  publisher={American Association for the Advancement of Science}
}

@article{walter2015,
  title={Is there a single best estimator? Selection of home range estimators using area-under-the-curve},
  author={Walter, W David and Onorato, Dave P and Fischer, Justin W},
  journal={Movement ecology},
  volume={3},
  number={1},
  pages={10},
  year={2015},
  publisher={BioMed Central}
}

@article{noonan2019,
  title={A comprehensive analysis of autocorrelation and bias in home range estimation},
  author={Noonan, Michael J and Tucker, Marlee A and Fleming, Christen H and Akre, Thomas S and Alberts, Susan C and Ali, Abdullahi H and Altmann, Jeanne and Antunes, Pamela Castro and Belant, Jerrold L and Beyer, Dean and others},
  journal={Ecological Monographs},
  volume={89},
  number={2},
  pages={e01344},
  year={2019},
  publisher={Wiley Online Library}
}

@article{fieberg2012,
  title={Could you please phrase “home range” as a question?},
  author={Fieberg, John and B{\"o}rger, Luca},
  journal={Journal of mammalogy},
  volume={93},
  number={4},
  pages={890--902},
  year={2012},
  publisher={American Society of Mammalogists 810 East 10th Street, PO Box 1897, Lawrence~…}
}

@article{signer2015,
  title={Does estimator choice influence our ability to detect changes in home-range size?},
  author={Signer, Johannes and Balkenhol, Niko and Ditmer, Mark and Fieberg, John},
  journal={Animal Biotelemetry},
  volume={3},
  number={1},
  pages={16},
  year={2015},
  publisher={Springer}
}


@article{downs2009,
  title={A characteristic-hull based method for home range estimation},
  author={Downs, Joni A and Horner, Mark W},
  journal={Transactions in GIS},
  volume={13},
  number={5-6},
  pages={527--537},
  year={2009},
  publisher={Wiley Online Library}
}


@article{lyons2013,
  title={Home range plus: a space-time characterization of movement over real landscapes},
  author={Lyons, Andrew J and Turner, Wendy C and Getz, Wayne M},
  journal={Movement Ecology},
  volume={1},
  number={1},
  pages={2},
  year={2013},
  publisher={Springer}
}

@article{getz2004,
  title={A local nearest-neighbor convex-hull construction of home ranges and utilization distributions},
  author={Getz, Wayne M and Wilmers, Christopher C},
  journal={Ecography},
  volume={27},
  number={4},
  pages={489--505},
  year={2004},
  publisher={Wiley Online Library}
}

@article{lichti2011,
  title={Estimating utilization distributions with kernel versus local convex hull methods},
  author={Lichti, Nathanael I and Swihart, Robert K},
  journal={The Journal of Wildlife Management},
  volume={75},
  number={2},
  pages={413--422},
  year={2011},
  publisher={Wiley Online Library}
}

@article{reinecke2014,
  title={Home range size estimates of red deer in Germany: environmental, individual and methodological correlates},
  author={Reinecke, Horst and Leinen, Loretta and Thi{\ss}en, Ines and Mei{\ss}ner, Marcus and Herzog, Sven and Sch{\"u}tz, Stefan and Kiffner, Christian},
  journal={European journal of wildlife research},
  volume={60},
  number={2},
  pages={237--247},
  year={2014},
  publisher={Springer}
}

@article{pop2018,
  title={Movement ecology of brown bears (Ursus arctos) in the Romanian Eastern Carpathians},
  author={Pop, Ioan Mihai and Bereczky, Leonardo and Chiriac, Silviu and Iosif, Ruben and Nita, Andreea and Popescu, Viorel Dan and Rozylowicz, Laurențiu},
  journal={Nature Conservation},
  volume={26},
  pages={15},
  year={2018},
  publisher={Pensoft Publishers}
}


@article{worton1989,
  title={Kernel methods for estimating the utilization distribution in home-range studies},
  author={Worton, Brian J},
  journal={Ecology},
  volume={70},
  number={1},
  pages={164--168},
  year={1989},
  publisher={Wiley Online Library}
}


@article{seaman1996,
  title={An evaluation of the accuracy of kernel density estimators for home range analysis},
  author={Seaman, D Erran and Powell, Roger A},
  journal={Ecology},
  volume={77},
  number={7},
  pages={2075--2085},
  year={1996},
  publisher={Wiley Online Library}
}


@article{gitzen2003,
  title={Comparison of least-squares cross-validation bandwidth options for kernel home-range estimation},
  author={Gitzen, Robert A and Millspaugh, Joshua J},
  journal={Wildlife Society Bulletin},
  pages={823--831},
  year={2003},
  publisher={JSTOR}
}

@article{kie2013,
  title={A rule-based ad hoc method for selecting a bandwidth in kernel home-range analyses},
  author={Kie, John G},
  journal={Animal Biotelemetry},
  volume={1},
  number={1},
  pages={13},
  year={2013},
  publisher={BioMed Central}
}

@article{fleming2015,
  title={Rigorous home range estimation with movement data: a new autocorrelated kernel density estimator},
  author={Fleming, Chris H and Fagan, William F and Mueller, Thomas and Olson, Kirk A and Leimgruber, Peter and Calabrese, Justin M},
  journal={Ecology},
  volume={96},
  number={5},
  pages={1182--1188},
  year={2015},
  publisher={Wiley Online Library}
}

@article{horne2008,
  title={A synoptic model of animal space use: simultaneous estimation of home range, habitat selection, and inter/intra-specific relationships},
  author={Horne, Jon S and Garton, Edward O and Rachlow, Janet L},
  journal={Ecological Modelling},
  volume={214},
  number={2-4},
  pages={338--348},
  year={2008},
  publisher={Elsevier}
}


@article{signer2017,
  title={Estimating utilization distributions from fitted step-selection functions},
  author={Signer, Johannes and Fieberg, John and Avgar, Tal},
  journal={Ecosphere},
  volume={8},
  number={4},
  pages={e01771},
  year={2017},
  publisher={Wiley Online Library}
}

@article{wilson2018,
  title={Estimating animal utilization densities using continuous-time Markov chain models},
  author={Wilson, Kenady and Hanks, Ephraim and Johnson, Devin},
  journal={Methods in Ecology and Evolution},
  volume={9},
  number={5},
  pages={1232--1240},
  year={2018},
  publisher={Wiley Online Library}
}

@article{signer2019,
  title={Animal movement tools (amt): R package for managing tracking data and conducting habitat selection analyses},
  author={Signer, Johannes and Fieberg, John and Avgar, Tal},
  journal={Ecology and evolution},
  volume={9},
  number={2},
  pages={880--890},
  year={2019},
  publisher={Wiley Online Library}
}

 @Article{pebesma2018,
    author = {Edzer Pebesma},
    title = {{Simple Features for R: Standardized Support for Spatial Vector Data}},
    year = {2018},
    journal = {{The R Journal}},
    doi = {10.32614/RJ-2018-009},
    url = {https://doi.org/10.32614/RJ-2018-009},
    pages = {439--446},
    volume = {10},
    number  = {1}}

@article{kranstauber2012,
  title={A dynamic Brownian bridge movement model to estimate utilization distributions for heterogeneous animal movement},
  author={Kranstauber, Bart and Kays, Roland and LaPoint, Scott D and Wikelski, Martin and Safi, Kamran},
  journal={Journal of Animal Ecology},
  volume={81},
  number={4},
  pages={738--746},
  year={2012},
  publisher={Wiley Online Library}
}

@article{horne2007bbmm,
  title={Analyzing animal movements using Brownian bridges},
  author={Horne, Jon S and Garton, Edward O and Krone, Stephen M and Lewis, Jesse S},
  journal={Ecology},
  volume={88},
  number={9},
  pages={2354--2363},
  year={2007},
  publisher={Wiley Online Library}
}

@article{van1975,
  title={Comparison of several probabilistic home-range models},
  author={Van Winkle, Webster},
  journal={The Journal of wildlife management},
  pages={118--123},
  year={1975},
  publisher={JSTOR}
}

@article{kays2020,
  title={Born-digital biodiversity data: Millions and billions},
  author={Kays, Roland and McShea, William J and Wikelski, Martin},
  journal={Diversity and Distributions},
  year={2020},
  publisher={Wiley Online Library}
}

@article{sollmann2018,
  title={A gentle introduction to camera-trap data analysis},
  author={Sollmann, Rahel},
  journal={African journal of ecology},
  volume={56},
  number={4},
  pages={740--749},
  year={2018},
  publisher={Wiley Online Library}
}

@article{joo2020,
  title={Navigating through the R packages for movement},
  author={Joo, Rocio and Boone, Matthew E and Clay, Thomas A and Patrick, Samantha C and Clusella-Trullas, Susana and Basille, Mathieu},
  journal={Journal of Animal Ecology},
  volume={89},
  number={1},
  pages={248--267},
  year={2020},
  publisher={Wiley Online Library}
}

@article{naude2020,
  title={Unsustainable anthropogenic mortality disrupts natal dispersal and promotes inbreeding in leopards},
  author={Naude, Vincent N and Balme, Guy A and O'Riain, Justin and Hunter, Luke TB and Fattebert, Julien and Dickerson, Tristan and Bishop, Jacqueline M},
  journal={Ecology and Evolution},
  year={2020},
  publisher={Wiley Online Library}
}


@article{shibuya2018,
  title={Determinants of home range size and spatial overlap of Gracilinanus agilis (Mammalia: Didelphidae) in central-western Brazil},
  author={Shibuya, Patr{\'\i}cia Sayuri and Melo, Geruza Leal and C{\'a}ceres, Nilton Carlos},
  journal={Mammalia},
  volume={82},
  number={4},
  pages={328--337},
  year={2018},
  publisher={De Gruyter}
}

@article{richter2020,
  title={So close and yet so different: The importance of considering temporal dynamics to understand habitat selection},
  author={Richter, Laura and Balkenhol, Niko and Raab, Christoph and Reinecke, Horst and Mei{\ss}ner, Marcus and Herzog, Sven and Isselstein, Johannes and Signer, Johannes},
  journal={Basic and Applied Ecology},
  volume={43},
  pages={99--109},
  year={2020},
  publisher={Elsevier}
}
@article{muff2019,
  title={Accounting for individual-specific variation in habitat-selection studies: Efficient estimation of mixed-effects models using Bayesian or frequentist computation},
  author={Muff, Stefanie and Signer, Johannes and Fieberg, John},
  journal={Journal of Animal Ecology},
  year={2019},
  publisher={Wiley Online Library}
}


@article{decesare2012,
  title={Transcending scale dependence in identifying habitat with resource selection functions},
  author={DeCesare, Nicholas J and Hebblewhite, Mark and Schmiegelow, Fiona and Hervieux, David and McDermid, Gregory J and Neufeld, Lalenia and Bradley, Mark and Whittington, Jesse and Smith, Kirby G and Morgantini, Luigi E and others},
  journal={Ecological Applications},
  volume={22},
  number={4},
  pages={1068--1083},
  year={2012},
  publisher={Wiley Online Library}
}

@article{johnson1980,
  title={The comparison of usage and availability measurements for evaluating resource preference},
  author={Johnson, Douglas H},
  journal={Ecology},
  volume={61},
  number={1},
  pages={65--71},
  year={1980},
  publisher={Wiley Online Library}
}


@article{neu1974,
  title={A technique for analysis of utilization-availability data},
  author={Neu, Clyde W and Byers, C Randall and Peek, James M},
  journal={The Journal of Wildlife Management},
  pages={541--545},
  year={1974},
  publisher={JSTOR}
}

@article{jacobs1974,
  title={Quantitative measurement of food selection},
  author={Jacobs, J{\"u}rgen},
  journal={Oecologia},
  volume={14},
  number={4},
  pages={413--417},
  year={1974},
  publisher={Springer}
}

@article{avgar2016,
  title={Integrated step selection analysis: bridging the gap between resource selection and animal movement},
  author={Avgar, Tal and Potts, Jonathan R and Lewis, Mark A and Boyce, Mark S},
  journal={Methods in Ecology and Evolution},
  volume={7},
  number={5},
  pages={619--630},
  year={2016},
  publisher={Wiley Online Library}
}


@article{avgar2017,
  title={Relative selection strength: Quantifying effect size in habitat-and step-selection inference},
  author={Avgar, Tal and Lele, Subhash R and Keim, Jonah L and Boyce, Mark S},
  journal={Ecology and evolution},
  volume={7},
  number={14},
  pages={5322--5330},
  year={2017},
  publisher={Wiley Online Library}
}

@article{thurfjell2014,
  title={Applications of step-selection functions in ecology and conservation},
  author={Thurfjell, Henrik and Ciuti, Simone and Boyce, Mark S},
  journal={Movement ecology},
  volume={2},
  number={1},
  pages={4},
  year={2014},
  publisher={Springer}
}

@article{fortin2005,
  title={Wolves influence elk movements: behavior shapes a trophic cascade in Yellowstone National Park},
  author={Fortin, Daniel and Beyer, Hawthorne L and Boyce, Mark S and Smith, Douglas W and Duchesne, Thierry and Mao, Julie S},
  journal={Ecology},
  volume={86},
  number={5},
  pages={1320--1330},
  year={2005},
  publisher={Wiley Online Library}
}

@article{muff2019accounting,
  title={Accounting for individual-specific variation in habitat-selection studies: Efficient estimation of mixed-effects models using Bayesian or frequentist computation},
  author={Muff, Stefanie and Signer, Johannes and Fieberg, John},
  journal={Journal of Animal Ecology},
  year={2019},
  publisher={Wiley Online Library}
}

@article{mandlate2019,
  title={Postrelease monitoring habitat selection by reintroduced burchell's zebra and blue wildebeest in southern Mozambique},
  author={Mandlate Jr, Lu{\'\i}s Comiss{\'a}rio and Cuamba, Ezidio da Lucia and Rodrigues, Fl{\'a}vio HG},
  journal={Ecology and Evolution},
  volume={9},
  number={11},
  pages={6458--6467},
  year={2019},
  publisher={Wiley Online Library}
}

@book{lincoln1930,
  title={Calculating waterfowl abundance on the basis of banding returns},
  author={Lincoln, Frederick Charles},
  number={118},
  year={1930},
  publisher={US Department of Agriculture}
}

@article{otis1978,
  title={Statistical inference from capture data on closed animal populations},
  author={Otis, David L and Burnham, Kenneth P and White, Gary C and Anderson, David R},
  journal={Wildlife monographs},
  number={62},
  pages={3--135},
  year={1978},
  publisher={JSTOR}
}

@book{royle2013,
  title={Spatial capture-recapture},
  author={Royle, J Andrew and Chandler, Richard B and Sollmann, Rahel and Gardner, Beth},
  year={2013},
  publisher={Academic Press}
}


@article{rowcliffe2008,
  title={Estimating animal density using camera traps without the need for individual recognition},
  author={Rowcliffe, J Marcus and Field, Juliet and Turvey, Samuel T and Carbone, Chris},
  journal={Journal of Applied Ecology},
  volume={45},
  number={4},
  pages={1228--1236},
  year={2008},
  publisher={Wiley Online Library}
}


@article{moeller2018,
  title={Three novel methods to estimate abundance of unmarked animals using remote cameras},
  author={Moeller, Anna K and Lukacs, Paul M and Horne, Jon S},
  journal={Ecosphere},
  volume={9},
  number={8},
  pages={e02331},
  year={2018},
  publisher={Wiley Online Library}
}

@article{pfeffer2018,
  title={Pictures or pellets? Comparing camera trapping and dung counts as methods for estimating population densities of ungulates},
  author={Pfeffer, Sabine E and Spitzer, Robert and Allen, Andrew M and Hofmeester, Tim R and Ericsson, G{\"o}ran and Widemo, Fredrik and Singh, Navinder J and Cromsigt, Joris PGM},
  journal={Remote Sensing in Ecology and Conservation},
  volume={4},
  number={2},
  pages={173--183},
  year={2018},
  publisher={Wiley Online Library}
}

@article{sollmann2018,
  title={A gentle introduction to camera-trap data analysis},
  author={Sollmann, Rahel},
  journal={African journal of ecology},
  volume={56},
  number={4},
  pages={740--749},
  year={2018},
  publisher={Wiley Online Library}
}

@book{rovero2016,
  title={Camera trapping for wildlife research},
  author={Rovero, Francesco and Zimmermann, Fridolin},
  year={2016},
  publisher={Pelagic Publishing Ltd}
}

@Manual{Rdistance,
    title = {Rdistance: Distance-Sampling Analyses for Density and Abundance Estimation},
    author = {Trent McDonald and Jason Carlisle and Aidan McDonald},
    year = {2019},
    note = {R package version 2.1.3},
    url = {https://CRAN.R-project.org/package=Rdistance},
  }

@article{elbroch2012,
  title={Puma spatial ecology in open habitats with aggregate prey},
  author={Elbroch, L Mark and Wittmer, Heiko U},
  journal={Mammalian Biology},
  volume={77},
  number={5},
  pages={377--384},
  year={2012},
  publisher={Springer}
}

@article{Wang2019,
  doi = {10.1002/ece3.5005},
  url = {https://doi.org/10.1002/ece3.5005},
  year = {2019},
  month = apr,
  publisher = {Wiley},
  volume = {9},
  number = {9},
  pages = {5049--5062},
  author = {Bingxin Wang and Daniel G. Rocha and Mark I. Abrahams and Andr{\'{e}} P. Antunes and Hugo C. M. Costa and Andr{\'{e}} Luis Sousa Gon{\c{c}}alves and Wilson Roberto Spironello and Milton Jos{\'{e}} Paula and Carlos A. Peres and Juarez Pezzuti and Emiliano Ramalho and Marcelo Lima Reis and Elildo Carvalho Jr and Fabio Rohe and David W. Macdonald and Cedric Kai Wei Tan},
  title = {Habitat use of the ocelot (\textit{Leopardus pardalis}) in Brazilian Amazon},
  journal = {Ecology and Evolution}
}

@article{Wickham2014,
  doi = {10.18637/jss.v059.i10},
  url = {https://doi.org/10.18637/jss.v059.i10},
  year = {2014},
  publisher = {Foundation for Open Access Statistic},
  volume = {59},
  number = {10},
  author = {Hadley Wickham},
  title = {Tidy Data},
  journal = {Journal of Statistical Software}
}
